@misc{Tabletop_RPG,
	author = "Guylain Delmas, Ronan Champagnat, Michel Augeraud",
	title = "From Tabletop RPG to Interactive Storytelling: Definition of a Story Manager for Video Games",
	howpublished = "\url{https://link.springer.com/chapter/10.1007/978-3-642-10643-9_16}",
}

@misc{Storytelling,
	author = "Rudy McDaniel, Stephen M. Fiore, Denise Nicholson",
	title = "Serious Storytelling: Narrative Considerations for Serious Games Researchers and Developers",
	howpublished = "\url{https://www.igi-global.com/chapter/serious-game-design-development/41065}",
}
@misc{CRPG,
	author = "William L. Hosch",
	title = "Role-playing video game",
	howpublished = "\url{https://www.britannica.com/topic/role-playing-video-game}",
}
@misc{RPGs,
	author = "Dennis Waskul, Matt Lust",
	title = "Role-Playing and Playing Roles: The Person, Player, and Persona in Fantasy Role-Playing",
	howpublished = "\url{https://onlinelibrary.wiley.com/doi/abs/10.1525/si.2004.27.3.333}",
}

